
@article{Babin2003,
	title = {Variations in the light absorption coefficients of phytoplankton, nonalgal particles, and dissolved organic matter in coastal waters around Europe},
	author = {{Babin}, {Marcel}},
	year = {2003},
	date = {2003},
	journal = {Journal of Geophysical Research},
	pages = {3211},
	volume = {108},
	number = {C7},
	doi = {10.1029/2001JC000882},
	url = {http://doi.wiley.com/10.1029/2001JC000882},
	note = {Citation Key: Babin2003}
}

@article{Helms2008,
	title = {Absorption spectral slopes and slope ratios as indicators of molecular weight, source, and photobleaching of chromophoric dissolved organic matter},
	author = {{Helms}, {John R.} and {Stubbins}, {Aron} and {Ritchie}, {Jason D.} and {Minor}, {Elizabeth C.} and {Kieber}, {David J.} and {Mopper}, {Kenneth}},
	year = {2008},
	date = {2008},
	journal = {Limnology and Oceanography},
	pages = {955{\textendash}969},
	volume = {53},
	number = {3},
	doi = {10.4319/lo.2008.53.3.0955},
	url = {http://www.aslo.org/lo/toc/vol_53/issue_3/0955.html},
	note = {Citation Key: Helms2008
tex.ids: Helms2008a}
}

@article{Bricaud1995,
	title = {Variability in the chlorophyll-specific absorption coefficients of natural phytoplankton: Analysis and parameterization},
	author = {{Bricaud}, {Annick} and {Babin}, {Marcel} and {Morel}, {André} and {Claustre}, {Hervé}},
	year = {1995},
	date = {1995},
	journal = {Journal of Geophysical Research},
	pages = {13321},
	volume = {100},
	number = {C7},
	doi = {10.1029/95JC00463},
	url = {http://doi.wiley.com/10.1029/95JC00463},
	note = {Citation Key: Bricaud1995}
}

@article{vandermeulen2020,
	title = {150 shades of green: Using the full spectrum of remote sensing reflectance to elucidate color shifts in the ocean},
	author = {{Vandermeulen}, {Ryan A.} and {Mannino}, {Antonio} and {Craig}, {Susanne E.} and {Werdell}, {P. Jeremy}},
	year = {2020},
	month = {09},
	date = {2020-09},
	journal = {Remote Sensing of Environment},
	pages = {111900},
	volume = {247},
	doi = {10.1016/j.rse.2020.111900},
	url = {https://linkinghub.elsevier.com/retrieve/pii/S0034425720302704},
	langid = {en}
}
